%% This BibTeX bibliography file was created using BibDesk.
%% http://bibdesk.sourceforge.net/


%% Created for Lauro Cesar Araujo at 2013-04-05 08:03:49 -0300 


%% Saved with string encoding Unicode (UTF-8) 

@book{kreith2011,
	Author = {Frank Kreith and Raj M. Manglik and Mark S. Bohn},
	Title = {Principles of Heat Transfer},
	Year = {2011},
	Publisher = {Cengage Learning},
	Pages = {485-486},
	Pagetotal = {784},
	Edition = {7}
	
}

@phdthesis{novazzi2007,
	author = {Luis F. Novazzi},
	title = {Dinâmica e Controle de Redes de Trocadores de Calor},
	address = {Campinas},
	school = {Universidade Estadual de Campinas, Faculdade de Engenharia Química},
	year = {2007}
}

@article{babau2009,
	author = {Ramesh Babau KirubaShankar and Krishnamurthy K and Indra J},
	year = {2009},
	month = {10},
	pages = {},
	title = {Remote monitoring system for distributed control of industrial plant process},
	volume = {68},
	journal = {Journal of Scientific and Industrial Research}
}

@article{baskiyar2005,
	author = {S. Baskiyar and N. Meghannathan},
	year = {2005},
	pages = {233-240},
	title = {A Survey of Contemporary Real-time Operating Systems },
	volume = {29},
	journal = {Informatica}

}

@article{luiz2011,
	author = {Luiz Arthur Malta Pereira and Francine Roberta Carvalho and Thatiane Bortolucci and Marcelo Henrique Moraes},
	year = {2011},
	pages = {85-94},
	title = {Software Embarcado, O Crescimento e as Novas Tendências Deste Mercado},
	volume = {6},
	journal = {Revista de Ciências Exatas e Tecnologia}
}

@misc{david2017,
	Author = {David GreenField},
	date = {2017-09-07},
	Title = {Will SCADA Remain Relevant as Industry Advances?},
	Url= {https://www.automationworld.com/will-scada-remain-relevant-industry-advances},
	Urlaccessdate = {2017-10-11},
	Year = {2017}
}

@monography{luiz2016,
	address = {Belo Horizonte},
	author = {Luis E. G. Pereira and Lucas Azevedo Rocha and Roger Tiago Santos and Vin\'icius Faria Ramos},
	school = {Universidade Federal de Minas Gerais},
	title = {Projeto e implementa\c c\~ao de sistema embarcado para monitoramento e controle do trocador de calor},
	year = {2016},
}

@masterthesis{pablo2011,
	address = {Florianópolis},
	author = {Pablo Valério Polônia},
	school = {Universidade Federal de Santa Catarina},
	title = {Proposta de Arquitetura Orientada a Recursos para SCADA na Web},
	year = {2011},	
}

@book{bailey2003,
	Author = {David Bailey and Edwin Wright},
	Title = {Pratical SCADA for Industry},
	Year = {2003},
	Publisher = {Newnes},
	Edition = {1},
	isbn ={07506 58053},	
}

@online{brewpi,
	author = {BrewPi},
	title = {About Brew Pi},
	date = {2017},
	url = {https://www.brewpi.com/},
	Urlaccessdate = {2017-10-24},
}

@monography{alexandre2015,
	address = {Curitiba},
	author = {Alexandre José Gonçalves and Jair Rodrigues da Silva and João Carlos Batista},
	school = {Universidade Tecnológica Federal do Paraná},
	title = {Sistema Didático de Automação Baseado em Computador para Seleção de Esferas},
	year = {2015},
}


@online{bogdan2017,
	author = {Bogdan Primakovski},
	title = {17 Best Python Web Frameworks to Learn in 2017},
	date = {2017-05-27},
	url = {http://steelkiwi.com/blog/best-python-web-frameworks-to-learn/},
	Urlaccessdate = {2017-10-27},
}

@online{ryan2015,
	author = {Ryan Brown},
	title = {Django vs Flask vs Pyramid: Choosing a Python Web Framework},
	date = {2015},
	url = {https://www.airpair.com/python/posts/django-flask-pyramid},
	Urlaccessdate = {2017-10-27},
}

@misc{miles2016,
	author = {Miles Burton},
	title = {Dallas Temperature Library},
	date = {2016},
	url = {https://www.milesburton.com/Dallas_Temperature_Control_Library},
	OPTurldate = {2017-10-28},
}

@misc{paul2017,
	author = {Paul Stoffregen},
	title = {OneWire Library},
	date = {2017},
	url = {https://www.pjrc.com/teensy/td_libs_OneWire.html},
	OPTurldate = {2017-10-28},
}

@misc{filipeflop2011,
	author = {FilipeFlop},
	title = {Ultrasonic Library},
	date = {2015},
	url = {https://github.com/filipeflop/Ultrasonic},
	OPTurldate = {2017-10-28},
}

@online{adilson2011,
	author = {Adilson Thomsen},
	title = {Como conectar o Sensor Ultrassônico HC-SR04 ao Arduino},
	date = {2011},
	url = {https://www.filipeflop.com/blog/sensor-ultrassonico-hc-sr04-ao-arduino/},
	Urlaccessdate = {2017-10-28},
}

@online{wire2017,
	author = {Arduino},
	title = {Wire Library},
	date = {2017},
	url = {https://www.arduino.cc/en/Reference/Wire/},
	Urlaccessdate = {2017-10-30},
}

@online{matt2014,
	author = {Matt},
	title = {Enable I2C Interface on the Raspberry Pi},
	date = {2014},
	url = {https://www.raspberrypi-spy.co.uk/2014/11/enabling-the-i2c-interface-on-the-raspberry-pi/},
	Urlaccessdate = {2017-10-30},
}

@online{kyle2017,
	author = {Kyle Kowalczyk},
	title = {Enable I2C Interface on the Raspberry Pi},
	date = {2017},
	url = {https://smallguysit.com/index.php/2017/10/28/python-benefits-using-virtual-environment/},
	Urlaccessdate = {2017-10-30},
}

@online{dipto2015,
	author = {Dipto Pratyaksa},
	title = {How to Install Smbus I2C Module for Python3},
	date = {2015},
	url = {http://www.linuxcircle.com/2015/05/03/how-to-install-smbus-i2c-module-for-python-3/},
	Urlaccessdate = {2017-10-30},
}

@book{mark2013,
	Author = {Mark Lutz},
	Title = {Learning Python},
	Year = {2013},
	Publisher = {O'Reilly},
	Edition = {5},
	pages={113-114},
	isbn ={978-1-449-35573-9},
	
}

@online{pythondoc,
	author = {Python},
	title = {Asyncore - Asynchronous socket handler},
	date = {2016},
	url = {https://docs.python.org/3.5/library/asyncore.html},
	Urlaccessdate = {2017-10-31},
}

@online{klaus2012,
	author = {Klaus Peter Laube},
	title = {Entendendo o CGI, FastCGI e WSGI},
	date = {2012},
	url = {https://klauslaube.com.br/2012/11/02/entendendo-o-cgi-fastcgi-e-wsgi.html},
	Urlaccessdate = {2017-11-03},
}

@book{adrian2008,
	Author = {Adrian Holovaty and Jacob Kaplan-Moss},
	Title = {The Definitive Guide to Django},
	Year = {2008},
	Publisher = {Apress},
	Edition = {1},
	chapter={},
	isbn ={},
	
}

@book{martin2013,
	Author = {Marty Alchin},
	Title = {Pro Django},
	Year = {2013},
	Publisher = {Apress},
	Edition = {2},
	chapter={},
	isbn ={},
	
}

@online{rohit2017,
	author = {Kyle Kemp and Rohit Kalkur},
	title = {Bootstrap Slider Library},
	date = {2017},
	url = {https://github.com/seiyria/bootstrap-slider},
	Urlaccessdate = {2017-11-03},
}

@online{bojan2016,
	author = {Bojan Djuricic},
	title = {JustGage Library},
	date = {2016},
	url = {https://github.com/toorshia/justgage},
	Urlaccessdate = {2017-11-03},
}


@online{damien2017,
	author = {Damien Sorel},
	title = {BootStrap Confirmation Library},
	date = {2016},
	url = {http://bootstrap-confirmation.js.org/},
	Urlaccessdate = {2017-11-03},
}









